<?xml version="1.0" encoding="utf-8"?>
<record xmlns="http://www.loc.gov/MARC21/slim" xmlns:xsi="http://www.w3.org/2001/XMLSchema-instance" xsi:schemaLocation="http://www.loc.gov/MARC21/slim http://www.loc.gov/standards/marcxml/schema/MARC21slim.xsd">
	<leader>
		02646nam a2200457   4500
	</leader>
	<controlfield tag="001">
		4740767
	</controlfield>
	<controlfield tag="003">
		NIC
	</controlfield>
	<controlfield tag="006">
		m        d        
	</controlfield>
	<controlfield tag="007">
		cr cn |||m|||a
	</controlfield>
	<controlfield tag="008">
		160224s1939    le a    ob    000 0 aras 
	</controlfield>
	<datafield ind1=" " ind2=" " tag="040">
		<subfield code="a">
			NNU
		</subfield>
		<subfield code="b">
			eng
		</subfield>
		<subfield code="e">
			rda
		</subfield>
		<subfield code="c">
			NNU
		</subfield>
	</datafield>
	<datafield ind1=" " ind2=" " tag="043">
		<subfield code="a">
			a-is---
		</subfield>
	</datafield>
	<datafield ind1=" " ind2="4" tag="050">
		<subfield code="a">
			HC497.P2
		</subfield>
		<subfield code="b">
			H512
		</subfield>
	</datafield>
	<datafield ind1="1" ind2=" " tag="100">
		<subfield code="6">
			880-01
		</subfield>
		<subfield code="a">
			Himadeh, Saʼid B.,
		</subfield>
		<subfield code="d">
			1894-
		</subfield>
		<subfield code="e">
			editor.
		</subfield>
	</datafield>
	<datafield ind1="1" ind2="0" tag="240">
		<subfield code="a">
			Economic organization of Palestine.
		</subfield>
		<subfield code="l">
			Arabic
		</subfield>
	</datafield>
	<datafield ind1="1" ind2="3" tag="245">
		<subfield code="6">
			880-02
		</subfield>
		<subfield code="a">
			al-Niẓām al-iqtiṣādī fī Filasṭīn.
		</subfield>
		<subfield code="c">
			muḥarrirahu Saʻid Ḥamādah.
		</subfield>
	</datafield>
	<datafield ind1=" " ind2=" " tag="260">
		<subfield code="6">
			880-03
		</subfield>
		<subfield code="a">
			Bayrūt :
		</subfield>
		<subfield code="b">
			al-Muṭbaʻah al-Amīrkānīyah,
		</subfield>
		<subfield code="c">
			1939.
		</subfield>
	</datafield>
	<datafield ind1=" " ind2=" " tag="300">
		<subfield code="a">
			online resource (24, 794 pages) :
		</subfield>
		<subfield code="b">
			illustrations
		</subfield>
	</datafield>
	<datafield ind1=" " ind2=" " tag="336">
		<subfield code="a">
			text
		</subfield>
		<subfield code="2">
			rdacontent
		</subfield>
	</datafield>
	<datafield ind1=" " ind2=" " tag="337">
		<subfield code="a">
			computer
		</subfield>
		<subfield code="2">
			rdamedia
		</subfield>
	</datafield>
	<datafield ind1=" " ind2=" " tag="338">
		<subfield code="a">
			online resource
		</subfield>
		<subfield code="2">
			rdacarrier
		</subfield>
	</datafield>
	<datafield ind1="1" ind2=" " tag="490">
		<subfield code="6">
			880-04
		</subfield>
		<subfield code="a">
			Jāmiʻat Bayrūt al-Amīrkīyah. Manshūrāt Kullīyat al-ʻUlūm wa-al-Ādāb. Silsilat al-ʻUlūm al-Ijtimāʻīyah ;
		</subfield>
		<subfield code="v">
			al-ḥalaqah 11
		</subfield>
	</datafield>
	<datafield ind1=" " ind2=" " tag="500">
		<subfield code="a">
			Part of the Arabic Collections Online (ACO) project, contributed by Cornell University Libraries.
		</subfield>
	</datafield>
	<datafield ind1=" " ind2=" " tag="504">
		<subfield code="a">
			Includes bibliographical references (pages 757-768).
		</subfield>
	</datafield>
	<datafield ind1=" " ind2=" " tag="533">
		<subfield code="a">
			Electronic reproduction.
		</subfield>
		<subfield code="b">
			New York, N.Y. :
		</subfield>
		<subfield code="c">
			New York University,
		</subfield>
		<subfield code="d">
			2016.
		</subfield>
		<subfield code="5">
			NNU
		</subfield>
	</datafield>
	<datafield ind1=" " ind2="0" tag="651">
		<subfield code="a">
			Palestine
		</subfield>
		<subfield code="x">
			Economic conditions.
		</subfield>
	</datafield>
	<datafield ind1=" " ind2="7" tag="650">
		<subfield code="a">
			Economic history.
		</subfield>
		<subfield code="2">
			fast
		</subfield>
		<subfield code="0">
			(OCoLC)fst00901974
		</subfield>
	</datafield>
	<datafield ind1=" " ind2="7" tag="651">
		<subfield code="a">
			Middle East
		</subfield>
		<subfield code="z">
			Palestine.
		</subfield>
		<subfield code="2">
			fast
		</subfield>
		<subfield code="0">
			(OCoLC)fst01207534
		</subfield>
	</datafield>
	<datafield ind1="2" ind2=" " tag="710">
		<subfield code="a">
			Cornell University.
		</subfield>
		<subfield code="b">
			Libraries.
		</subfield>
	</datafield>
	<datafield ind1="0" ind2=" " tag="730">
		<subfield code="a">
			Arabic Collections Online.
		</subfield>
	</datafield>
	<datafield ind1="0" ind2="8" tag="776">
		<subfield code="i">
			Print version:
		</subfield>
		<subfield code="a">
			Himadeh, Saʼid B., 1894- editor.
		</subfield>
		<subfield code="t">
			al-Niẓām al-iqtiṣādī fī Filasṭīn
		</subfield>
		<subfield code="w">
			(NIC)4740767
		</subfield>
		<subfield code="w">
			(DLC)   72215611 
		</subfield>
		<subfield code="w">
			(OCoLC)11853213
		</subfield>
	</datafield>
	<datafield ind1="2" ind2=" " tag="810">
		<subfield code="6">
			880-05
		</subfield>
		<subfield code="a">
			American University of Beirut.
		</subfield>
		<subfield code="b">
			Faculty of Arts and Sciences.
		</subfield>
		<subfield code="t">
			Silsilat al-ʻulūm al-ijtimāʻīyah ;
		</subfield>
		<subfield code="v">
			al-ḥalqah 11.
		</subfield>
	</datafield>
	<datafield ind1="4" ind2="0" tag="856">
		<subfield code="u">
			http://hdl.handle.net/2333.1/fj6q5bdw
		</subfield>
	</datafield>
	<datafield ind1="1" ind2=" " tag="880">
		<subfield code="6">
			100-00/r
		</subfield>
		<subfield code="a">
			حمادة، سعيد.
		</subfield>
	</datafield>
	<datafield ind1="1" ind2=" " tag="880">
		<subfield code="6">
			100-01/r
		</subfield>
		<subfield code="a">
			حمادة، سعيد،
		</subfield>
		<subfield code="d">
			1894-
		</subfield>
		<subfield code="e">
			editor.
		</subfield>
	</datafield>
	<datafield ind1="1" ind2="2" tag="880">
		<subfield code="6">
			245-02/r
		</subfield>
		<subfield code="a">
			النظام الاقتصادي في فلسطين /
		</subfield>
		<subfield code="c">
			محرره سعيد حمادة.
		</subfield>
	</datafield>
	<datafield ind1=" " ind2=" " tag="880">
		<subfield code="6">
			260-03/r
		</subfield>
		<subfield code="a">
			بيروت :
		</subfield>
		<subfield code="b">
			جامعة بيروت الأميركية،
		</subfield>
		<subfield code="c">
			1939.
		</subfield>
	</datafield>
	<datafield ind1="1" ind2=" " tag="880">
		<subfield code="6">
			490-04/r
		</subfield>
		<subfield code="a">
			جامعة بيروت الأميركية. منشورات كلية العلوم والآداب. سلسلة العلوم الاجتماعية ؛
		</subfield>
		<subfield code="v">
			الحلقة 11
		</subfield>
	</datafield>
	<datafield ind1="2" ind2=" " tag="880">
		<subfield code="6">
			810-05/r
		</subfield>
		<subfield code="a">
			American University of Beirut.
		</subfield>
		<subfield code="b">
			Faculty of Arts and Sciences.
		</subfield>
		<subfield code="t">
			سلسلة العلوم الاجتماعية ؛
		</subfield>
		<subfield code="v">
			الحلقة 11.
		</subfield>
	</datafield>
	<datafield ind1=" " ind2=" " tag="959">
		<subfield code="a">
			NNU
		</subfield>
		<subfield code="b">
			WEB
		</subfield>
		<subfield code="c">
			GENI
		</subfield>
		<subfield code="t">
			0
		</subfield>
		<subfield code="m">
			Electronic access
		</subfield>
		<subfield code="s">
			01
		</subfield>
	</datafield>
	<datafield ind1=" " ind2=" " tag="999">
		<subfield code="i">
			NIC_4740767
		</subfield>
		<subfield code="o">
			(OCoLC)ocm11853213
		</subfield>
		<subfield code="s">
			cornell_aco000550
		</subfield>
		<subfield code="e">
			(ERROR-880)
		</subfield>
		<subfield code="s">
			cornell_aco000550
		</subfield>
	</datafield>
</record>
